@book{DebMOEA_Book,
  author = "Kalyanmoy Deb",
  title = "Multi-Objective Optimization using Evolutionary Algorithms",
  publisher = "John Wiley \& Sons LTD",
  year = 2001
}
