@book{Eiben2003,
  author    = {A. E. Eiben and J. E. Smith},
  title     = {{Introduction to Evolutionary Computing}},
  publisher = {Springer},
  year      = 2003,
  ISBN      = {3-540-40184-9} 
}